<?xml version="1.0" encoding="UTF-8"?><collection xmlns="http://www.loc.gov/MARC21/slim"><record><leader>00529nam--2200145-i-4500</leader><controlfield tag="001">000011944</controlfield><controlfield tag="002">20161230</controlfield><controlfield tag="005">20161230201029</controlfield><controlfield tag="008">060222s1000------------r-----000-0-eng-d</controlfield><datafield ind1=" " ind2=" " tag="080"><subfield code="a">535.8:550.34:778.38(043)</subfield></datafield><datafield ind1=" " ind2=" " tag="100"><subfield code="a">Bourrouilh, Bernard</subfield></datafield><datafield ind1=" " ind2=" " tag="245"><subfield code="a">Nouvelles applications du calcul optim en lumi ere coherente au traitement de l`information sismique.deconfolution par holographie de four ier en optique sphere-cylindrique. these</subfield></datafield><datafield ind1=" " ind2=" " tag="260"><subfield code="a">Paris, L`Universite Paris Vi, 1975 155 P + Dif</subfield></datafield><datafield ind1=" " ind2=" " tag="490"><subfield code="a">12023</subfield></datafield><datafield ind1=" " ind2=" " tag="852"><subfield code="a">44091</subfield></datafield></record></collection>